#TODO Tidy with https://flamingtempura.github.io/bibtex-tidy/index.html
@online{hslu,
	title        = {Hochschule Luzern, bildet – forscht – begeistert | Hochschule Luzern},
	author       = {{Hochschule Luzern}},
	year         = 2015,
	url          = {https://www.hslu.ch/},
	urldate      = {2023-02-23}
}
@inproceedings{singh2020,
	title        = {PlantDoc: A Dataset for Visual Plant Disease Detection},
	author       = {Singh, Davinder and Jain, Naman and Jain, Pranjali and Kayal, Pratik and Kumawat, Sudhakar and Batra, Nipun},
	year         = 2020,
	booktitle    = {Proceedings of the 7th ACM IKDD CoDS and 25th COMAD},
	location     = {Hyderabad, India},
	publisher    = {Association for Computing Machinery},
	address      = {New York, NY, USA},
	series       = {CoDS COMAD 2020},
	pages        = {249–253},
	doi          = {10.1145/3371158.3371196},
	isbn         = 9781450377386,
	url          = {https://doi.org/10.1145/3371158.3371196},
	numpages     = 5,
	keywords     = {Deep Learning, Object Detection, Image Classification}
}
@misc{mwebaze2020,
	title        = {Cassava Leaf Disease Classification},
	author       = {Ernest Mwebaze and Jesse Mostipak and Joyce and Julia Elliott and Sohier Dane},
	year         = 2020,
	publisher    = {Kaggle},
	url          = {https://kaggle.com/competitions/cassava-leaf-disease-classification}
}
@misc{hughes2016,
      title={An open access repository of images on plant health to enable the development of mobile disease diagnostics}, 
      author={David. P. Hughes and Marcel Salathe},
      year={2016},
      eprint={1511.08060},
      archivePrefix={arXiv},
      primaryClass={cs.CY}
}

# --- Unused ---
@online{pal2022,
	title        = {duggudurgesh/plantdataset},
	author       = {Durgesh Pal},
	year         = 2022,
	url          = {https://www.kaggle.com/datasets/duggudurgesh/plantdataset}
}
@online{kayal2019,
	title        = {pratikkayal/PlantDoc-Dataset},
	author       = {Pratik Kayal and Naman Jain},
	year         = 2019,
	url          = {https://github.com/pratikkayal/PlantDoc-Dataset}
}
@online{makerere2022,
	title        = {Cassava Leaf Disease Classification},
	author       = {{Makerere University AI Lab}},
	year         = 2020,
	url          = {www.kaggle.com/competitions/cassava-leaf-disease-classification}
}
